@INPROCEEDINGS{BrightwellParallelPhaseModel,
  author={Brightwell, R. and Heroux, M. and Zhaofang Wen and Junfeng Wu},
  booktitle={Parallel Processing, 2009. ICPP '09. International Conference on},
  title={Parallel Phase Model: A Programming Model for High-end Parallel Machines with Manycores},
  year={2009},
  pages={92-99},
  keywords={distributed memory systems;high level languages;information retrieval;memory architecture;parallel algorithms;parallel machines;parallel programming;C;PPM;coarse-grained parallelism;distributed memory architecture;fine-grained data accesses;fine-grained parallelism;network communication software layer;networked cluster;next-generation high-end parallel machines;parallel algorithms;parallel phase model;parallel programming model;runtime library;sequential programming language;unified high-level programming abstraction;Clustering algorithms;Computer languages;Iterative algorithms;Memory architecture;Multicore processing;Next generation networking;Parallel machines;Parallel processing;Parallel programming;Programming profession;Parallel Phase Model;manycore;multicore;parallel programming model},
  doi={10.1109/ICPP.2009.69},
  ISSN={0190-3918},
}

@INPROCEEDINGS{KimExploitingMultiManyCore,
  author={Cheong-Ghil Kim and Yong Soo Choi},
  booktitle={Multimedia and Ubiquitous Engineering (MUE), 2011 5th FTRA International Conference on},
  title={Exploiting Multi- and Many-core Parallelism for Accelerating Image Compression},
  year={2011},
  pages={12-17},
  keywords={computer graphic equipment;coprocessors;data compression;discrete cosine transforms;image coding;multimedia computing;multiprocessing systems;optimisation;parallel processing;2D data sets;Intel TBB;OpenCL;data intensive multimedia application;data parallelism;discrete cosine transform;graphical processing unit;heterogeneous system;image compression standard;intensive signal processing algorithm;manycore GPU;manycore parallelism;multicore CPU;multicore parallelism;multimedia data processing;optimization technique;parallel DCT implementation;parallel processing;process technology;programming paradigm;semiconductor design;task parallelism;universal API;Multimedia communication;DCT;GPU;OpenCL;TBB;massively parallel programming;task-level parallelsim},
  doi={10.1109/MUE.2011.13},
}

@INPROCEEDINGS{ZhangDataParallelProgramming,
  author={Yongpeng Zhang},
  booktitle={Parallel and Distributed Processing Workshops and Phd Forum (IPDPSW), 2011 IEEE International Symposium on},
  title={Data Parallel Programming Model for Many-Core Architectures},
  year={2011},
  pages={2065-2068},
  keywords={computer graphic equipment;multiprocessing systems;parallel programming;GPU;GStream;data parallel programming model;general-purpose scalable data streaming framework;language abstractions;many-core architectures;massive data-parallelism;Benchmark testing;Computer architecture;Graphics processing unit;Kernel;Libraries;Parallel processing},
  doi={10.1109/IPDPS.2011.378},
  ISSN={1530-2075},
}

@INPROCEEDINGS{CaoPerformanceAnalysis,
  author={Yangjie Cao and Baodong Wu and Yongcai Tao and Lei Shi},
  booktitle={Computer Science Education (ICCSE), 2013 8th International Conference on},
  title={Performance analysis of current parallel programming models for many-core systems},
  year={2013},
  pages={132-135},
  keywords={multiprocessing systems;parallel programming;performance evaluation;general-purpose core;many-core architecture;many-core processor;many-core systems;microprocessor design;multicore architecture;parallel programming model;performance analysis;performance-optimized problem;semiconductor technology;Benchmark testing;Computational modeling;Computers;Hardware;Heating;Jacobian matrices;Many-core processor;Parallel programming model;Performance analysis},
  doi={10.1109/ICCSE.2013.6553897},
}

@book{hennessy2007computer,
  title={Computer architecture: a quantitative approach},
  author={Hennessy, John L and Patterson, David A},
  year={2007},
  publisher={Elsevier}
}
